<record><leader>00000cas a2200000 a 4500</leader><controlfield tag="001">22646576</controlfield><controlfield tag="008">901107c19uu9999miucr n       0    0eng c</controlfield><datafield ind1=" " ind2=" " tag="010"><subfield code="a">sn 97063281 </subfield></datafield><datafield ind1=" " ind2=" " tag="040"><subfield code="a">EYZ</subfield><subfield code="b">eng</subfield><subfield code="c">EYZ</subfield><subfield code="d">NYS</subfield><subfield code="d">MHN</subfield><subfield code="d">OCL</subfield><subfield code="d">OCLCQ</subfield><subfield code="d">OCLCF</subfield><subfield code="d">OCLCO</subfield></datafield><datafield ind1="1" ind2=" " tag="029"><subfield code="a">AU@</subfield><subfield code="b">000013197166</subfield></datafield><datafield ind1=" " ind2=" " tag="042"><subfield code="a">pcc</subfield></datafield><datafield ind1=" " ind2=" " tag="043"><subfield code="a">n-us-mi</subfield></datafield><datafield ind1="0" ind2="0" tag="245"><subfield code="a">Livonia observer.</subfield></datafield><datafield ind1=" " ind2=" " tag="260"><subfield code="a">Livonia, Mich. :</subfield><subfield code="b">Observer &amp; Eccentric Newspapers</subfield></datafield><datafield ind1=" " ind2=" " tag="300"><subfield code="a">v.</subfield></datafield><datafield ind1=" " ind2=" " tag="310"><subfield code="a">Semiweekly</subfield></datafield><datafield ind1=" " ind2=" " tag="580"><subfield code="a">Continues: Livonia observer &amp; eccentric?</subfield></datafield><datafield ind1=" " ind2=" " tag="588"><subfield code="a">Description based on: Vol. 47, no. 65 (Sept. 21, 1987).</subfield></datafield><datafield ind1=" " ind2="0" tag="651"><subfield code="a">Livonia (Mich.)</subfield><subfield code="v">Newspapers.</subfield></datafield><datafield ind1=" " ind2="0" tag="651"><subfield code="a">Wayne County (Mich.)</subfield><subfield code="v">Newspapers.</subfield></datafield><datafield ind1=" " ind2="7" tag="655"><subfield code="a">Newspapers.</subfield><subfield code="2">fast</subfield><subfield code="0">(OCoLC)fst01423814</subfield></datafield><datafield ind1=" " ind2="7" tag="651"><subfield code="a">Michigan</subfield><subfield code="z">Livonia.</subfield><subfield code="2">fast</subfield><subfield code="0">(OCoLC)fst01227751</subfield></datafield><datafield ind1=" " ind2="7" tag="651"><subfield code="a">Michigan</subfield><subfield code="z">Wayne County.</subfield><subfield code="2">fast</subfield><subfield code="0">(OCoLC)fst01206628</subfield></datafield><datafield ind1=" " ind2=" " tag="752"><subfield code="a">United States</subfield><subfield code="b">Michigan</subfield><subfield code="c">Wayne</subfield><subfield code="d">Livonia.</subfield></datafield><datafield ind1="1" ind2="0" tag="780"><subfield code="t">Livonia observer &amp; eccentric</subfield><subfield code="w">(DLC)sn 97063280</subfield><subfield code="w">(OCoLC)36635366</subfield></datafield></record>